<?xml version="1.0" encoding="UTF-8"?><collection xmlns="http://www.loc.gov/MARC21/slim"><record><leader>00408nam--2200133-i-4500</leader><controlfield tag="001">000013144</controlfield><controlfield tag="002">20161230</controlfield><controlfield tag="005">20161230201030</controlfield><controlfield tag="008">060222s1000------------r-----000-0-eng-d</controlfield><datafield ind1=" " ind2=" " tag="080"><subfield code="a">543.422:517.512.2</subfield></datafield><datafield ind1=" " ind2=" " tag="245"><subfield code="a">Fourier transform infrared spectroscopy. aplications to chemical systems</subfield></datafield><datafield ind1=" " ind2=" " tag="260"><subfield code="a">New York, Academic Press, 1978-1979 Viii + 311 P</subfield></datafield><datafield ind1=" " ind2=" " tag="700"><subfield code="a">Basile, Louis J.And Ferraro, J.R</subfield></datafield><datafield ind1=" " ind2=" " tag="852"><subfield code="a">47292</subfield></datafield></record></collection>